 @Online{treccani-stigma,
   author = {Treccani},
   title  = {Treccani: Stigma\textsuperscript{1} in Vocabolario},
   url    = {https://treccani.it/vocabolario/stigma1},
   year = {n.d.},
   urldate  = {2021-05-14},
 }
 @Online{garzanti-linguistica-stigma,
   author = {{Garzanti Linguistica}},
   title  = {Garzanti Linguistica | Ricerca},
   url    = "https://www.garzantilinguistica.it/ricerca/?q=stigma",
   year = {n.d.},
   urldate  = {2021-05-14},
   note = "Voce n. 2"
 }
