 @Online{treccani-stigma,
   author = {Treccani},
   title  = {Treccani: Stigma\textsuperscript{1} in Vocabolario},
   url    = {https://treccani.it/vocabolario/stigma1},
   year = {n.d.},
   urldate  = {2021-05-14},
 }
 @Online{garzanti-linguistica-stigma,
   author = {{Garzanti Linguistica}},
   title  = {Garzanti Linguistica | Ricerca},
   url    = "https://www.garzantilinguistica.it/ricerca/?q=stigma",
   year = {n.d.},
   urldate  = {2021-05-14},
   note = "Voce n. 2"
 }
 @Online{crusca-stigmatizzare,
   author = {Paola Manni},
   title  = {Accademia della Crusca: Consulenza Linguistica - Stigmatizzare},
   url    = "https://accademiadellacrusca.it/it/consulenza/stigmatizzare/2792",
   date = {2020-07-17},
   urldate  = {2021-05-14},
   organization = {Accademia della Crusca}
 }
